<?xml version="1.0" encoding="UTF-8"?><record xmlns="http://www.loc.gov/MARC21/slim" xmlns:cinclude="http://apache.org/cocoon/include/1.0" xmlns:zs="http://www.loc.gov/zing/srw/">
  <leader>00835cz  a2200181n  4500</leader>
  <controlfield tag="001">no 00059579 </controlfield>
  <controlfield tag="003">DLC</controlfield>
  <controlfield tag="005">20091113075337.0</controlfield>
  <controlfield tag="008">000803n| acannaabn          |a aaa      </controlfield>
  <datafield tag="010" ind1=" " ind2=" ">
    <subfield code="a">no 00059579 </subfield>
  </datafield>
  <datafield tag="035" ind1=" " ind2=" ">
    <subfield code="a">(OCoLC)oca05277954</subfield>
  </datafield>
  <datafield tag="040" ind1=" " ind2=" ">
    <subfield code="a">DLC-SM</subfield>
    <subfield code="b">eng</subfield>
    <subfield code="c">DLC-SM</subfield>
    <subfield code="d">CtY-Mus</subfield>
  </datafield>
  <datafield tag="100" ind1="1" ind2=" ">
    <subfield code="a">Lalo, Edouard,</subfield>
    <subfield code="d">1823-1892.</subfield>
    <subfield code="t">Namouna.</subfield>
    <subfield code="p">Introduction et allegretto</subfield>
  </datafield>
  <datafield tag="400" ind1="1" ind2=" ">
    <subfield code="a">Lalo, Edouard,</subfield>
    <subfield code="d">1823-1892.</subfield>
    <subfield code="t">Introduction et allegro</subfield>
  </datafield>
  <datafield tag="400" ind1="1" ind2=" ">
    <subfield code="a">Lalo, Edouard,</subfield>
    <subfield code="d">1823-1892.</subfield>
    <subfield code="t">Introduction et allegretto,</subfield>
    <subfield code="m">flute, piano,</subfield>
    <subfield code="r">C minor</subfield>
  </datafield>
  <datafield tag="667" ind1=" " ind2=" ">
    <subfield code="a">Machine-derived authority record.</subfield>
  </datafield>
  <datafield tag="670" ind1=" " ind2=" ">
    <subfield code="a">LCCN 98-708489: Opéra de Paris. Orchestre. Hommage à Félix Passerone, 1959?</subfield>
  </datafield>
  <datafield tag="670" ind1=" " ind2=" ">
    <subfield code="a">Lalo, E. Introduction et allegretto tirés de Namouna pour flûte et piano, 1885 or 6, viewed online, Nov. 11, 2009</subfield>
    <subfield code="b">(Introduction in E minor; Allegretto in C minor)</subfield>
  </datafield>
</record>